
@article{jacquet_limiting_2014,
	title = {On the {Limiting} {Distribution} of {Lempel}-{Ziv}{\textquoteright}78 {Redundancy} for {Memoryless} {Sources}},
	volume = {60},
	issn = {0018-9448},
	number = {11},
	journal = {IEEE Transactions on Information Theory},
	author = {Jacquet, Philippe and Szpankowski, Wojciech},
	year = {2014},
	pages = {6917--6930}
}

@article{leckey_probabilistic_2018,
	title = {Probabilistic {Analysis} of {Lempel}-{Ziv} {Parsing} for {Markov} {Sources}},
	journal = {Unpublished},
	author = {Leckey, Kevin and Wormald, Nicholas and Neininger, Ralph},
	year = {2018}
}

@article{leckey_limit_2015,
	title = {A {Limit} {Theorem} for {Radix} {Sort} and {Tries} with {Markovian} {Input}},
	journal = {arXiv preprint arXiv:1505.07321},
	author = {Leckey, Kevin and Neininger, Ralph and Szpankowski, Wojciech},
	year = {2015},
	file = {Snapshot:/home/glib/.zotero/zotero/4bvmpwlp.default/zotero/storage/BZABWQ5U/1505.html:text/html}
}

@article{jacquet_average_2001,
	title = {Average profile of the {Lempel}-{Ziv} parsing scheme for a {Markovian} source},
	volume = {31},
	number = {3},
	journal = {Algorithmica},
	author = {Jacquet, Philippe and Szpankowski, Wojciech and Tang, Jing},
	year = {2001},
	pages = {318--360},
	file = {Fulltext:/home/glib/.zotero/zotero/4bvmpwlp.default/zotero/storage/VQIFFUK2/Jacquet et al. - 2001 - Average profile of the Lempel-Ziv parsing scheme f.pdf:application/pdf;Snapshot:/home/glib/.zotero/zotero/4bvmpwlp.default/zotero/storage/MA7SEZMZ/s00453-001-0053-3.html:text/html}
}

@article{langiu_speed_2018,
	title = {On the {Speed} of {Convergence} of {LZ}78 with {Optimal} {Parsing}},
	journal = {Unpublished},
	author = {Langiu, Alessio and Marzi, Francesca and Mignosi, Filippo and Tivoli, Massimo},
	year = {2018}
}

@article{jacquet_towards_nodate,
	title = {Towards {LZ}78 {Analysis} for {Markov} {Sources}: {Distribution} of {Tail} {Symbols} in {DST}},
	journal = {Unpublished},
	author = {Jacquet, Philippe and Szpankowski, Wojciech}
}

@article{louchard_average_1995,
	title = {Average profile and limiting distribution for a phrase size in the {Lempel}-{Ziv} parsing algorithm},
	volume = {41},
	number = {2},
	journal = {IEEE Transactions on Information Theory},
	author = {Louchard, Guy and Szpankowski, Wojciech},
	year = {1995},
	pages = {478--488},
	file = {Fulltext:/home/glib/.zotero/zotero/4bvmpwlp.default/zotero/storage/D3VCJMGX/Louchard et Szpankowski - 1995 - Average profile and limiting distribution for a ph.pdf:application/pdf;Snapshot:/home/glib/.zotero/zotero/4bvmpwlp.default/zotero/storage/7N5AR7XF/370149.html:text/html}
}

@book{jacquet_analytic_2015,
	address = {Cambridge},
	title = {Analytic {Pattern} {Matching}},
	isbn = {978-0-511-84320-4},
	url = {http://ebooks.cambridge.org/ref/id/CBO9780511843204},
	language = {en},
	urldate = {2018-08-24},
	publisher = {Cambridge University Press},
	author = {Jacquet, Philippe and Szpankowski, Wojciech},
	year = {2015},
	doi = {10.1017/CBO9780511843204},
	file = {Jacquet et Szpankowski - 2015 - Analytic Pattern Matching.pdf:/home/glib/.zotero/zotero/4bvmpwlp.default/zotero/storage/AFV7C67H/Jacquet et Szpankowski - 2015 - Analytic Pattern Matching.pdf:application/pdf}
}

@article{shannon_mathematical_nodate,
	title = {A {Mathematical} {Theory} of {Communication}},
	language = {en},
	author = {Shannon, C E},
	pages = {55},
	file = {Shannon - A Mathematical Theory of Communication.pdf:/home/glib/.zotero/zotero/4bvmpwlp.default/zotero/storage/IR3YYP2D/Shannon - A Mathematical Theory of Communication.pdf:application/pdf}
}

@book{szpankowski_average_nodate,
	title = {Average {Case} {Analysis} of {Algorithms} on {Sequences}},
	author = {Szpankowski, Wojciech}
}